<?xml version="1.0" encoding="UTF-8"?><collection><record><leader>11005ntm a2201129 a 4500</leader><controlfield tag="001">006781906</controlfield><controlfield tag="003">MiAaHDL</controlfield><controlfield tag="005">20190719000000.0</controlfield><controlfield tag="006">m        d        </controlfield><controlfield tag="007">cr bn ---auaua</controlfield><controlfield tag="008">090518q18401876xx            00| ||ara d</controlfield><datafield tag="035" ind1=" " ind2=" "><subfield code="a">(MiU)006781906</subfield></datafield><datafield tag="035" ind1=" " ind2=" "><subfield code="a">sdr-miu006781906</subfield></datafield><datafield tag="040" ind1=" " ind2=" "><subfield code="a">MiU</subfield><subfield code="c">MiU</subfield><subfield code="e">amremm</subfield></datafield><datafield tag="043" ind1=" " ind2=" "><subfield code="a">n-us-mi</subfield></datafield><datafield tag="245" ind1="0" ind2="0"><subfield code="6">880-01</subfield><subfield code="a">[Majmūʻat rasāʼil,</subfield><subfield code="f">before 1274, i.e. 1875 or 1876].</subfield></datafield><datafield tag="260" ind1=" " ind2=" "><subfield code="c">[1840-1876].</subfield></datafield><datafield tag="300" ind1=" " ind2=" "><subfield code="a">142 leaves :</subfield><subfield code="b">paper ;</subfield><subfield code="c">296 x 205 (215-220 x 120-125) mm.</subfield></datafield><datafield tag="500" ind1=" " ind2=" "><subfield code="a">Shelfmark: Ann Arbor, University of Michigan, Special Collections Library, Isl. Ms. 508</subfield></datafield><datafield tag="500" ind1=" " ind2=" "><subfield code="a">Origin: As appears in colophon on p.117, Risālah fī ʻaqāʼid al-suʼāl ʻan al-īmān copied by Mullā Muḥammad ibn Mullā Aḥmad al-Zand [?] al-Shāfiʻī al-Qādirī with transcription completed 16 Jumādá II [?] 1264 [ca. 20 May 1848]. As appears in colophon on p.134, transcription of al-Waṣīyah [Waṣīyat al-Imām al-Aʻẓam Abī Ḥanīfah] completed Ramaḍān 1274 [April-May 1858]. Other works likely copied around the same time. Ownership / purchase statement with contents listing on p.284 provides rough terminus ante quem for the entire majmūʻah of 1875 or 6.</subfield></datafield><datafield tag="500" ind1=" " ind2=" "><subfield code="a">Accompanying materials: a. Acquisitions slip from Yahuda -- b. Inventory cataloguing slip in hand of Winifred Smeaton Thomas.</subfield></datafield><datafield tag="500" ind1=" " ind2=" "><subfield code="a">Former shelfmark: From inscription on inner front cover, "IL 425" and "M. 43" (likely supplied by Yahuda, see acquisitions slip).</subfield></datafield><datafield tag="500" ind1=" " ind2=" "><subfield code="a">Binding: Pasteboards covered in dark purple cloth with red leather over spine, fore edge flap, and edges/turn-ins (framed binding) ; Type II binding (with flap) ; board linings in yellow laid paper ; sewn in white thread, four stations ; worked chevron endbands in yellow and magenta, good condition ; overall in fair condition with only minor abrasion, lifting of leather, staining to board linings, etc.</subfield></datafield><datafield tag="500" ind1=" " ind2=" "><subfield code="a">Support: European wove paper and laid paper of at least two types ; opening through p.158 in wove paper ; next and final quires (pp.159-178, 275 to close), flyleaves and board linings in a laid paper (possibly machine laid) with 'laid' lines more of a mesh / crosshatch, chain lines spaced 25-27 mm. apart (vertical), watermark with stag leaping above pond (stag springing or salient, or even courant) and "B G" ; other gatherings (pp.179-218) in a type with 11 laid lines per cm. (horizontal), chain lines spaced 24-25 mm. apart (vertical), and watermarks including lion rampant in a coat of arms and eagle with "J V" [?] below (see p.179, etc.) ; latter quires (pp.209-274) in a type with 9-10 laid lines per cm. (horizontal), chain lines spaced 25-26 mm. apart (vertical), and "F P" watermark (perhaps Fratelli Palazzuoli, period between initials in shape of triangle).</subfield></datafield><datafield tag="500" ind1=" " ind2=" "><subfield code="a">Decoration: Keywords and section headings rubricated ; written area surrounded by red double rule-border ; written area of Risālah fī ʻaqāʼid al-suʼāl ʻan al-īmān surrounded by black rule-border ; some overlining in red.</subfield></datafield><datafield tag="500" ind1=" " ind2=" "><subfield code="a">Script: Naskh and naskh-nastaʻlīq (talik) ; several fine hands with Turkish and Persianate features [Iraqi?] ; opening two works in a distinct hand (naskh), following works through Ṣūfic excerpts mainly in one hand (naskh-nastaʻlīq / talik) with some passages supplied in other hands, collection of poetry in still a different hand (naskh).</subfield></datafield><datafield tag="500" ind1=" " ind2=" "><subfield code="a">Layout: Written in 23-27 lines per page, occasionally divided to two columns to set off poetry ; frame-ruled ; written area divided to two columns to set off verses.</subfield></datafield><datafield tag="500" ind1=" " ind2=" "><subfield code="a">Collation: i, 7 V(70), IV (78), 5 V(128), IV (136), IV-2 (142), i ; chiefly quinions ; middle of the quire marks in the form of oblique strokes in the upper-outer corner of the left-hand leaf ; catchwords present ; p.82 left partially blank ; pagination in pencil, Western numerals, supplied during digitization (includes flyleaves).</subfield></datafield><datafield tag="500" ind1=" " ind2=" "><subfield code="a">Colophon: [ Risālah fī al-ʻaqāʼid] "Scribal," triangular, reads "قد تمت النسخة المباركة على يد الفقير ملا محمد بن ملا احمد الزند [؟] الشافعي مذهبا القادري طريقة غفر الله له ولوالديه ولمن نظر بها وقرأ له ولوالديه سورة الفاتحة ١٦ ج سنة ١٢۶٤" ; [Waṣīyat al-Imām al-Aʻẓam] "Scribal," triangular, reads "قد فرغت هذه الوصية في شهر رمضان سنة الف ومائتين واربع وسبعين من [؟] بعد هجرة النبوة على صاحبها افضل الصلاة والسلام"</subfield></datafield><datafield tag="500" ind1=" " ind2=" "><subfield code="a">Title supplied by cataloguer.</subfield></datafield><datafield tag="500" ind1=" " ind2=" "><subfield code="a">Ms. composite codex.</subfield></datafield><datafield tag="505" ind1="0" ind2=" "><subfield code="a">20. p.285-p.288 : [blank].</subfield></datafield><datafield tag="505" ind1="0" ind2=" "><subfield code="a">19. p.284 : [ownership / purchase statements].</subfield></datafield><datafield tag="505" ind1="0" ind2=" "><subfield code="a">18. p.275-p.283 : [Majmūʻat shiʻr].</subfield></datafield><datafield tag="505" ind1="0" ind2=" "><subfield code="a">17. p.269-p.274 : [blank].</subfield></datafield><datafield tag="505" ind1="0" ind2=" "><subfield code="a">15. p.264-p.268 : [excerpts from Ṣūfī works].</subfield></datafield><datafield tag="505" ind1="0" ind2=" "><subfield code="a">14. p.160-263 : [Fāʼidat raṣd al-ibrah ... etc., i.e. Aḥādīth wa-nuṣūṣ fiqhīyah, fatāwá wa-fawāʼid fiqhīyah].</subfield></datafield><datafield tag="505" ind1="0" ind2=" "><subfield code="a">13. p.141-159 : Fāʼidah fī khawwāṣ irṣād al-silāḥ wa-shurb al-kaʼs wa-fī fawāʼid al-ṭarīqah al-Rifāʻīyah.</subfield></datafield><datafield tag="505" ind1="0" ind2=" "><subfield code="a">12. p.135-140: Fāʼidah fī baʻḍ masāʼil min tartīb [?] kalimat al-tawḥīd wa-al-īmān wa-irkānihā.</subfield></datafield><datafield tag="505" ind1="0" ind2=" "><subfield code="a">11. p.134 : ʻAdad ḥurūf al-Qurʼān manqūl min Bustān al-ʻārifīn min muṣannafāt Abī al-Layth.</subfield></datafield><datafield tag="505" ind1="0" ind2=" "><subfield code="a">10. p.130-p.134 : Waṣīyat al-Imām al-Aʻẓam Abī Ḥanīfah Nuʻmān ibn Thābit / Abū Ḥanīfah.</subfield></datafield><datafield tag="505" ind1="0" ind2=" "><subfield code="a">9. p.127-p.130 : Yuqraʼ hādhā al-duʻāʼ ʻinda al-nawm.</subfield></datafield><datafield tag="505" ind1="0" ind2=" "><subfield code="a">8. p.126 : Aʻlamu anna al-kaffārāt al-mashhūrah hādhihi.</subfield></datafield><datafield tag="505" ind1="0" ind2=" "><subfield code="a">7. p.125 : Jamʻ al-iʻtiqād li-ahl al-sunnah.</subfield></datafield><datafield tag="505" ind1="0" ind2=" "><subfield code="a">6. p.119-p.125: al-Waṣīyah li-Abī Yūsuf Yaʻqūb / Abū Ḥanīfah.</subfield></datafield><datafield tag="505" ind1="0" ind2=" "><subfield code="a">5. p.118-p.119 : Hādhihi ʻAqāʼid lil-Ghazālī / al-Ghazālī.</subfield></datafield><datafield tag="505" ind1="0" ind2=" "><subfield code="a">4. p.107-p.117 : Risālah fī al-ʻaqāʼid al-suʼāl ʻan al-īmān / Abū Isḥāq al-Tūnisī.</subfield></datafield><datafield tag="505" ind1="0" ind2=" "><subfield code="a">3. p.28-p.106 : ʻUyūn al-ḥaqīqah fī fatāwá al-ṭarīqah [revised and enlarged] /Abū Muḥammad Aḥmad ibn Khamīs ibn ʻAlī al-Rifāʻī al-Baghdādī.</subfield></datafield><datafield tag="505" ind1="0" ind2=" "><subfield code="a">2. p.4-p.27 : ʻUyūn al-ḥaqīqah fī fatāwá al-ṭarīqah /Aḥmad ibn Khamīs ibn ʻAlī al-Rifāʻī al-Baghdādī.</subfield></datafield><datafield tag="505" ind1="0" ind2=" "><subfield code="a">1. p.3 : [contents listing].</subfield></datafield><datafield tag="510" ind1="4" ind2=" "><subfield code="a">Brockelmann, C. GAL,</subfield><subfield code="c">I 171</subfield></datafield><datafield tag="520" ind1="8" ind2=" "><subfield code="a">Fine collection (majmūʻah) of works and excerpts on various topics of Ṣūfism, articles of faith, fiqh, etc. conluding with a small collection of poetry. Contents listing on 'title page' (p.3).</subfield></datafield><datafield tag="538" ind1=" " ind2=" "><subfield code="a">Mode of access: Internet.</subfield></datafield><datafield tag="541" ind1=" " ind2=" "><subfield code="a">Acquired in 1926 from the bookseller Isaac Benjamin S.E. Yahuda via purchase transacted on his behalf by Abraham Shalom Yahuda (1877-1951), his younger brother.</subfield></datafield><datafield tag="546" ind1=" " ind2=" "><subfield code="a">Arabic.</subfield></datafield><datafield tag="561" ind1=" " ind2=" "><subfield code="a">On p.284, ownership / purchase statement (partially effaced) accompanied by contents listing for the majmūʻah, both dated 1292 ? [1875 or 6] ; also on p.284, ownership / purchase statement in pencil dated 29 Dhū al-Qaʻdah 1301 [ca. 20 September 1884] ; glosses and marginal corrections.</subfield></datafield><datafield tag="650" ind1=" " ind2="0"><subfield code="a">Manuscripts, Arabic</subfield><subfield code="z">Michigan</subfield><subfield code="z">Ann Arbor.</subfield></datafield><datafield tag="650" ind1=" " ind2="0"><subfield code="a">Hanafites</subfield><subfield code="v">Early works to 1800.</subfield></datafield><datafield tag="650" ind1=" " ind2="0"><subfield code="a">Islam</subfield><subfield code="x">Doctrines</subfield><subfield code="v">Early works to 1800.</subfield></datafield><datafield tag="650" ind1=" " ind2="0"><subfield code="a">Sufism</subfield><subfield code="v">Early works to 1800.</subfield></datafield><datafield tag="700" ind1="0" ind2=" "><subfield code="6">880-18</subfield><subfield code="a">Muḥammad ibn Aḥmad al-Zand al-Shāfiʻī al-Qādirī,</subfield><subfield code="d">fl. 1848,</subfield><subfield code="e">scribe.</subfield></datafield><datafield tag="700" ind1="1" ind2="2"><subfield code="6">880-12</subfield><subfield code="a">Abū al-Layth al-Samarqandī, Naṣr ibn Muḥammad,</subfield><subfield code="d">-983?</subfield><subfield code="t">Bustān al-ʻārifīn.</subfield><subfield code="k">Selections.</subfield></datafield><datafield tag="700" ind1="0" ind2="2"><subfield code="6">880-07</subfield><subfield code="a">Abū Ḥanīfah,</subfield><subfield code="d">-767 or 768.</subfield><subfield code="t">Waṣīyat al-Imām al-Aʻẓam Abī Ḥanīfah Nuʻmān ibn Thābit.</subfield></datafield><datafield tag="700" ind1="0" ind2="2"><subfield code="6">880-06</subfield><subfield code="a">Abū Ḥanīfah,</subfield><subfield code="d">-767 or 768.</subfield><subfield code="t">Waṣīyah li-Abī Yūsuf Yaʻqūb.</subfield></datafield><datafield tag="700" ind1="0" ind2="2"><subfield code="6">880-05</subfield><subfield code="a">Ghazzālī,</subfield><subfield code="d">1058-1111.</subfield><subfield code="t">ʻAqāʼid.</subfield></datafield><datafield tag="700" ind1="0" ind2="2"><subfield code="6">880-03</subfield><subfield code="a">Abū Isḥāq al-Tūnisī.</subfield><subfield code="t">Risālah fī ʻaqāʼid al-suʼāl ʻan al-īmān.</subfield></datafield><datafield tag="700" ind1="1" ind2="2"><subfield code="6">880-02</subfield><subfield code="a">Rifāʻī al-Baghdādī, Aḥmad ibn Khamīs ibn ʻAlī.</subfield><subfield code="t">ʻUyūn al-ḥaqīqah fī fatāwá al-ṭarīqah.</subfield></datafield><datafield tag="740" ind1="0" ind2="2"><subfield code="6">880-17</subfield><subfield code="a">Majmūʻat shiʻr</subfield></datafield><datafield tag="740" ind1="0" ind2="2"><subfield code="6">880-16</subfield><subfield code="a">Aḥādīth wa-nuṣūṣ fiqhīyah</subfield></datafield><datafield tag="740" ind1="0" ind2="2"><subfield code="6">880-15</subfield><subfield code="a">Fāʼidat raṣd al-ibrah</subfield></datafield><datafield tag="740" ind1="0" ind2="2"><subfield code="6">880-14</subfield><subfield code="a">Fāʼidah fī khawwāṣ irṣād al-silāḥ wa-shurb al-kaʼs wa-fī fawāʼid al-ṭarīqah al-Rifāʻīyah.</subfield></datafield><datafield tag="740" ind1="0" ind2="2"><subfield code="6">880-13</subfield><subfield code="a">Fāʼidah fī baʻḍ masāʼil min tartīb kalimat al-tawḥīd wa-al-īmān wa-irkānihā</subfield></datafield><datafield tag="740" ind1="0" ind2="2"><subfield code="6">880-11</subfield><subfield code="a">ʻAdad ḥurūf al-Qurʼān manqūl min Bustān al-ʻārifīn min muṣannafāt Abī al-Layth</subfield></datafield><datafield tag="740" ind1="0" ind2="2"><subfield code="6">880-10</subfield><subfield code="a">Yuqraʼ hādhā al-duʻāʼ ʻinda al-nawm</subfield></datafield><datafield tag="740" ind1="0" ind2="2"><subfield code="6">880-09</subfield><subfield code="a">Aʻlamu anna al-kaffārāt al-mashhūrah hādhihi</subfield></datafield><datafield tag="740" ind1="0" ind2="2"><subfield code="6">880-08</subfield><subfield code="a">Jamʻ al-iʻtiqād li-ahl al-sunnah</subfield></datafield><datafield tag="740" ind1="0" ind2="2"><subfield code="a">وصية الى تلميذه القاضي ابي يوسف</subfield></datafield><datafield tag="740" ind1="0" ind2="2"><subfield code="6">880-04</subfield><subfield code="a">Risālah fī al-ʻaqāʼid al-suʼāl ʻan al-īmān</subfield></datafield><datafield tag="773" ind1="0" ind2=" "><subfield code="a">Yahuda Collection.</subfield></datafield><datafield tag="880" ind1="0" ind2=" "><subfield code="6">700-18/</subfield><subfield code="a">محمد بن احمد الزند الشافعي القادري,</subfield><subfield code="e">ناسخ.</subfield></datafield><datafield tag="880" ind1="0" ind2="2"><subfield code="6">740-17/</subfield><subfield code="a">مجموعة شعر</subfield></datafield><datafield tag="880" ind1="0" ind2="2"><subfield code="6">740-16/</subfield><subfield code="a">احاديث ونصوص فقهية</subfield></datafield><datafield tag="880" ind1="0" ind2="2"><subfield code="6">740-15/</subfield><subfield code="a">فائدة رصد الابرة</subfield></datafield><datafield tag="880" ind1="0" ind2="2"><subfield code="6">740-14/</subfield><subfield code="a">فائدة في خواص ارصاد السلاح وشرب الكأس وفي فوائد الطريقة الرفاعية</subfield></datafield><datafield tag="880" ind1="0" ind2="2"><subfield code="6">740-13/</subfield><subfield code="a">فائدة في بعض مسائل من ترتيب كلمة التوحيد والايمان واركانها</subfield></datafield><datafield tag="880" ind1="1" ind2="2"><subfield code="6">700-12/</subfield><subfield code="a">ابو الليث السمرقندي, نصر بن محمد.</subfield><subfield code="t">بستان العارفين.</subfield><subfield code="k">مختارات.</subfield></datafield><datafield tag="880" ind1="0" ind2="2"><subfield code="6">740-11/</subfield><subfield code="a">عدد حروف القرآن منقول من بستان العارفين من مصنفات ابي الليث</subfield></datafield><datafield tag="880" ind1="0" ind2="2"><subfield code="6">740-10/</subfield><subfield code="a">يقرأ هذا الدعاء عند النوم</subfield></datafield><datafield tag="880" ind1="0" ind2="2"><subfield code="6">740-09/</subfield><subfield code="a">اعلم ان الكفارات المشهورة هذه</subfield></datafield><datafield tag="880" ind1="0" ind2="2"><subfield code="6">740-08/</subfield><subfield code="a">جمع الاعتقاد لاهل السنة</subfield></datafield><datafield tag="880" ind1="0" ind2="2"><subfield code="6">700-07/</subfield><subfield code="a">.ابو حنيفة</subfield><subfield code="t">وصية الامام الاعظم ابي حنيفة نعمان ابن ثابت.</subfield></datafield><datafield tag="880" ind1="0" ind2="2"><subfield code="6">700-06/</subfield><subfield code="a">.ابو حنيفة</subfield><subfield code="t">وصية لابي يوسف يعقوب.</subfield></datafield><datafield tag="880" ind1="0" ind2="2"><subfield code="6">700-05/</subfield><subfield code="a">غزالي.</subfield><subfield code="t">عقائد.</subfield></datafield><datafield tag="880" ind1="0" ind2="2"><subfield code="6">740-04/</subfield><subfield code="a">رسالة في العقائد السؤال عن الايمان</subfield></datafield><datafield tag="880" ind1="0" ind2="2"><subfield code="6">700-03/</subfield><subfield code="a">ابو اسحاق التونسي.</subfield><subfield code="t">رسالة في عقائد السؤال عن الايمان.</subfield></datafield><datafield tag="880" ind1="1" ind2="2"><subfield code="6">700-02/</subfield><subfield code="a">رفاعي البغدادي, أحمد بن خميس بن علي.</subfield><subfield code="t">عيون الحقيقة في فتاوى الطريقة.</subfield></datafield><datafield tag="880" ind1="0" ind2="0"><subfield code="6">245-01/</subfield><subfield code="a">[مجموعة رسائل,</subfield><subfield code="f">قبل 1274ه، 1875 او 1876م].</subfield></datafield><datafield tag="CID" ind1=" " ind2=" "><subfield code="a">006781906</subfield></datafield><datafield tag="DAT" ind1="0" ind2=" "><subfield code="a">20190719102635.0</subfield><subfield code="b">20190719000000.0</subfield></datafield><datafield tag="DAT" ind1="1" ind2=" "><subfield code="a">20190719090653.0</subfield><subfield code="b">2019-07-19T16:11:24Z</subfield></datafield><datafield tag="DAT" ind1="2" ind2=" "><subfield code="a">2015-10-10T18:00:06Z</subfield></datafield><datafield tag="CAT" ind1=" " ind2=" "><subfield code="a">SDR-MIU</subfield><subfield code="d">EX LIBRIS - ALEPH</subfield><subfield code="l">prepare.pl-004-008</subfield></datafield><datafield tag="FMT" ind1=" " ind2=" "><subfield code="a">BK</subfield></datafield><datafield tag="HOL" ind1=" " ind2=" "><subfield code="0">sdr-miu006781906</subfield><subfield code="a">MiU</subfield><subfield code="b">SDR</subfield><subfield code="c">MIU</subfield><subfield code="p">mdp.39015079125764</subfield><subfield code="s">MIU</subfield><subfield code="1">006781906</subfield></datafield><datafield tag="974" ind1=" " ind2=" "><subfield code="b">MIU</subfield><subfield code="c">MIU</subfield><subfield code="d">20190719</subfield><subfield code="s">lit-dlps-dc</subfield><subfield code="u">mdp.39015079125764</subfield><subfield code="y">1876</subfield><subfield code="r">pd</subfield><subfield code="q">exp</subfield></datafield></record></collection>